@techreport{data-citation-principles,
author={{Data Citation Synthesis Group, M. Martone (ed)}},
editor={Martone, Maryann},
title={Joint Declaration of Data Citation Principles},
year={2014},
institution={FORCE11},
address={San Diego CA},
note={\url{https://www.force11.org/group/joint-declaration-data-citation-principles-final}},
type={Final document},
}
